<record><leader>00000cas a22000007a 4500</leader><controlfield tag="001">23091509</controlfield><controlfield tag="008">910212d19761976mnuwr ne      0    0eng d</controlfield><datafield ind1=" " ind2=" " tag="010"><subfield code="a">sn 90057605 </subfield></datafield><datafield ind1=" " ind2=" " tag="040"><subfield code="a">MN#</subfield><subfield code="b">eng</subfield><subfield code="c">MN#</subfield><subfield code="d">OCLCQ</subfield><subfield code="d">OCLCF</subfield><subfield code="d">OCLCO</subfield></datafield><datafield ind1="1" ind2=" " tag="029"><subfield code="a">AU@</subfield><subfield code="b">000025873968</subfield></datafield><datafield ind1=" " ind2=" " tag="042"><subfield code="a">msc</subfield></datafield><datafield ind1=" " ind2=" " tag="043"><subfield code="a">n-us-mn</subfield></datafield><datafield ind1=" " ind2=" " tag="052"><subfield code="a">4144</subfield><subfield code="b">B6</subfield></datafield><datafield ind1=" " ind2=" " tag="052"><subfield code="a">4143</subfield><subfield code="b">F3</subfield></datafield><datafield ind1="0" ind2=" " tag="130"><subfield code="a">Faribault County register (Blue Earth, Minn. : 1976)</subfield></datafield><datafield ind1="1" ind2="0" tag="245"><subfield code="a">Faribault County register.</subfield></datafield><datafield ind1=" " ind2=" " tag="260"><subfield code="a">Blue Earth, Minn. :</subfield><subfield code="b">Post Pub. Co.,</subfield><subfield code="c">1976.</subfield></datafield><datafield ind1=" " ind2=" " tag="300"><subfield code="a">1 v.</subfield></datafield><datafield ind1=" " ind2=" " tag="310"><subfield code="a">Weekly</subfield></datafield><datafield ind1="0" ind2=" " tag="362"><subfield code="a">Vol. 88, no. 28 (July 12, 1976)-v. 88, no. 34 (Aug. 23, 1976).</subfield></datafield><datafield ind1=" " ind2=" " tag="530"><subfield code="a">Available on microfilm from the Minnesota Historical Society.</subfield></datafield><datafield ind1=" " ind2="0" tag="651"><subfield code="a">Faribault County (Minn.)</subfield><subfield code="v">Newspapers.</subfield></datafield><datafield ind1=" " ind2="7" tag="655"><subfield code="a">Newspapers.</subfield><subfield code="2">fast</subfield><subfield code="0">(OCoLC)fst01423814</subfield></datafield><datafield ind1=" " ind2="7" tag="651"><subfield code="a">Minnesota</subfield><subfield code="z">Faribault County.</subfield><subfield code="2">fast</subfield><subfield code="0">(OCoLC)fst01217797</subfield></datafield><datafield ind1=" " ind2=" " tag="752"><subfield code="a">United States</subfield><subfield code="b">Minnesota</subfield><subfield code="c">Faribault</subfield><subfield code="d">Blue Earth.</subfield></datafield><datafield ind1="0" ind2=" " tag="775"><subfield code="t">Blue Earth post</subfield><subfield code="w">(DLC)sn 90057609</subfield></datafield><datafield ind1="0" ind2="7" tag="780"><subfield code="t">Faribault County register with the stateline star</subfield><subfield code="w">(DLC)sn 90057643</subfield></datafield><datafield ind1="0" ind2="4" tag="785"><subfield code="t">Blue Earth post</subfield><subfield code="w">(DLC)sn 90057609</subfield></datafield></record>